@book{Gia89,
author    = {Giarretano, J.},
title     = {Expert Systems: Principles and Programming},
publisher = {PWS-Kent Publishing Company},
address   = {Boston},
year      = 1989
}%pages     = "632"

@book{She90,
author    = {Sheel C.},
title     = {Ingeniería de Sistemas Basados en Conocimientos},
publisher = {Instituto Tecnológico y de Estudios Superiores de Monterrey},
address   = {México},
year      = 1990
}

@book{HKL+89,
author    = {Hickman F. and Killin J. and Land L. and others},
title     = {Analysis for Knowledge-Based Systems:
             A Practical Guide to the KADS Methodology},
publisher = {Ellis Horwood},
address   = {England},
year      = 1989
}
%pages     = 190

@book{Wat86,
author    = {Waterman, D.},
title     = {A Guide to Expert Systems},
publisher = {Addsison--Wesley Publishing Company},
address   = {The United States of America},
year      = 1986
}
%pages     = 419

@book{GuT94,
author    = {Guida G. and Tasso C.},
title     = {Design and Development of Knowledge Based Systems},
publisher = {John Wiley {\&} Sons},
address   = {England},
year      = 1994
}
%pages     = 476

% del ejército
@unpublished{PICB11,
author  = {Escuela de Comunicaciones del Ejército},
title   = {Preparación de Inteligencia del Campo de Batalla},
note    = {Material de la Escuela Superior de Guerra Peruana},
year    = 2011
}
%publisher = {Escuela Superior de Guerra},
%address = {Limas},
%year   = 2011

@misc{Asesores12,
author       = "{Asesores de \emph{Gueco}}",
title        = "Expertos militares del Centro de Investigación y Centro de Telecomunicaciones",
howpublished = "Entrevistas",
year         = "2012"
}
%month    = "04",
%note     = "",


%ISBN 84-9734-509-6
@book{Tzu06,
author    = {Tzu, Sun},
title     = {El Arte de la Guerra},
publisher = {Editorial La Esfera de los Libros},
address   = {Madrid},
year      = 2006
}

@article{IMu10,
author  = "Ibrahim, Cil and Murat, Mala",
year    = "2010",
title   = "A multi-agent architecture for modelling and simulation of small military unit combat in asymmetric warfare",
journal = "Expert Systems with Applications",
volume  = "37",
pages   = "1331--1343"
}

@article{WNS09,
author  = "Walker, Guy H. and Stanton, Neville A. and Stewart, Rebecca and Jenkins, Daniel and Wells, Linda and Salmon, Paul and Baber, Chris",
year    = "2009",
title   = "Using an integrated methods approach to analyse the emergent properties of military command and control",
journal = "Applied Ergonomics",
volume  = "40",
pages   = "636--647"
}

@manual{Labrana12,
author       = "Labraña, Cecilia and others",
year         = 2012,
title        = "Marcos de Modelado en la Ingeniería del Conocimiento, CommonKADS y el Diseño de un Sistema para Nutrición y Dietética",
address      = {Concepción},
organization = {Universidad de Concepción}
}

@misc{Calliope21,
author = "{Calliope 21}",
title  = "The Battle of Poitiers",
howpublished  = "Disponible en {\url{http://search.ebscohost.com.ezproxy.upc.edu.pr:2048/login.aspx?direct=true\&db=f5h\&AN=60804628\&lang=es\&site=ehost-live}}",
year = 2011
}

@manual{Henao01,
author = "Henao Cálad, Mónica",
title = "CommonKADS-RT: Una  Mitología para el desarrollo de Sistemas Basados en el Conocimiento de Tiempo Real",
address = "Valencia",
organization = "Universidad Politécnica de Valencia",
year = 2001
}

@manual{Oleary88,
author = "O'Leary, Daniel E.",
title  = "Methods of Validating Expert Systems",
address = "Los Angeles, California",
organization = "University of Southern California",
year = 1988
}