@manual{Henao,
author = "Henao Cálad, Mónica",
title = "CommonKADS-RT: Una  Metodología para el desarrollo de Sistemas Basados en el Conocimiento de Tiempo Real",
address = "Valencia",
organization = "Universidad Politécnica de Valencia",
year = 2001
}